% This file was created with Citavi 6.8.0.0

@proceedings{.2020,
 year = {2020},
 title = {Proceedings of the Sixteenth International ISKO Conference},
 address = {Baden-Baden},
 volume = {17},
 publisher = {Nomos},
 series = {Advances in Knowledge Organization}
}


@misc{Suominen.2020,
 abstract = {Instructions, exercises and example data sets for Annif hands-on tutorial - NatLibFi/Annif-tutorial},
 author = {Suominen, Osma and Lehtinen, Mona and Inkinen, Juho and Kasprzik, Anna and F{\"u}rneisen, Moritz},
 year = {2020},
 title = {Annif-tutorial},
 url = {https://github.com/NatLibFi/Annif-tutorial},
 urldate = {27.10.2020}
}


@misc{Suominen.2020b,
 abstract = {This release introduces the hyperopt CLI command for hyperparameter optimization. Initially it can only be used for finding optimal ensemble weights. The Web UI now follows the same visual style as the annif.org website. There are also some improvements to CLI commands, memory optimizations and bug fixes. New features: {\#}240/{\#}321/{\#}414 Hyperparameter optimization of ensemble weights Improvements: {\#}424/{\#}426 New style for Web UI {\#}430 Define short form for CLI options and fix some of their docstrings {\#}428 Memory optimization: Avoid orgdouble allocation of NumPy arrays in eval operation Maintenance: {\#}437 Upgrade TensorFlow to version 2.3.0 (from 2.2.0) Bug fixes: {\#}431 Problem parsing timestamps from Maui Server {\#}432 Make modification timestamps timezone-aware},
 author = {Suominen, Osma and Inkinen, Juho and Virolainen, Tuomo and Kinoshita, Bruno P. and Veldhoen, Sara and Sj{\"o}berg, Mats and F{\"u}rneisen, Moritz and Zumstein, Philipp and Neatherway, Robin and Lehtinen, Mona},
 year = {2020},
 title = {Annif},
 url = {https://zenodo.org/record/3967233},
 publisher = {Zenodo},
 doi = {10.5281/zenodo.3967233}
}


@article{Suominen.2019,
 author = {Suominen, Osma},
 year = {2019},
 title = {Annif: DIY automated subject indexing using multiple algorithms},
 url = {https://www.liberquarterly.eu/article/10.18352/lq.10285/},
 pages = {1--25},
 volume = {29},
 number = {1},
 issn = {2213-056X},
 journal = {LIBER Quarterly},
 doi = {10.18352/lq.10285},
 file = {e39f5bc0-a47a-47ce-9119-721ed0b9eda7:C\:\\Users\\Max\\AppData\\Local\\Swiss Academic Software\\Citavi 6\\ProjectCache\\adbunm13ktgc4mrncj8vb04czmhqdem0x78r8p\\Citavi Attachments\\e39f5bc0-a47a-47ce-9119-721ed0b9eda7.pdf:pdf}
}


@article{Stokhof.2011,
 abstract = {The paper addresses the way in which modern linguistics, -- in particular, but not exclusively, the generative tradition --, has constructed its core concepts. It argues that a particular form of construction, reminiscent of, but crucially different from, abstraction, which is dubbed `idealisation', plays a central role here. The resemblances and differences between abstractions and idealisations are investigated, and consequences of the reliance on idealisations are reviewed.},
 author = {Stokhof, Martin and {van Lambalgen}, Michiel},
 year = {2011},
 title = {Abstractions and idealisations: The construction of modern linguistics},
 url = {https://www.degruyter.com/document/doi/10.1515/thli.2011.001/html},
 pages = {1--26},
 volume = {37},
 number = {1-2},
 journal = {Theoretical Linguistics},
 doi = {10.1515/thli.2011.001},
 file = {cff26df4-a499-44b4-be79-ec0fb4f6c93a:C\:\\Users\\Max\\AppData\\Local\\Swiss Academic Software\\Citavi 6\\ProjectCache\\adbunm13ktgc4mrncj8vb04czmhqdem0x78r8p\\Citavi Attachments\\cff26df4-a499-44b4-be79-ec0fb4f6c93a.pdf:pdf}
}


@article{Sokolova.2009,
 author = {Sokolova, Marina and Lapalme, Guy},
 year = {2009},
 title = {A systematic analysis of performance measures for classification tasks},
 pages = {427--437},
 volume = {45},
 number = {4},
 issn = {03064573},
 journal = {Information Processing {\&} Management},
 doi = {10.1016/j.ipm.2009.03.002}
}


@book{Roth.1993,
 author = {Roth, Erwin and Heidenreich, Klaus},
 year = {1993},
 title = {Sozialwissenschaftliche Methoden: Lehr- und Handbuch f{\"u}r Forschung und Praxis},
 address = {M{\"u}nchen},
 edition = {3., v{\"o}llig {\"u}berarbeitete und erweiterte Auflage},
 publisher = {{R. Oldenbourg Verlag}},
 isbn = {3-486-22470-0}
}


@article{Playforth.2018,
 author = {Playforth, Clare},
 year = {2018},
 title = {Subject indexing in an institutional repository},
 url = {http://sro.sussex.ac.uk/id/eprint/78192/1/Subject%20Indexing%20in%20an%20Institutional%20Respository%20.pdf},
 pages = {17--19},
 number = {192},
 journal = {Catalogue {\&} Index},
 file = {Subject indexing in an institutional 2018.pdf},
 file = {bbaf1ae4-c749-4a43-8604-a9d4f7e4cd8f:C\:\\Users\\Max\\AppData\\Local\\Swiss Academic Software\\Citavi 6\\ProjectCache\\adbunm13ktgc4mrncj8vb04czmhqdem0x78r8p\\Remote Attachments\\bbaf1ae4-c749-4a43-8604-a9d4f7e4cd8f.pdf:pdf}
}


@article{Pedregosa.2011,
 author = {Pedregosa, F. and Varoquaux, G. and Gramfort, A. and Michel, V. and Thirion, B. and Grisel, O. and Blondel, M. and Prettenhofer, P. and Weiss, R. and Dubourg, V. and V and erplas, J. and Passos, A. and Cournapeau, D. and Brucher, M. and Perrot, M. and Duchesnay, E.},
 year = {2011},
 title = {Scikit-learn: Machine learning in Python},
 url = {https://www.jmlr.org/papers/volume12/pedregosa11a/pedregosa11a.pdf},
 pages = {2825--2830},
 number = {12},
 journal = {Journal of Machine Learning Research},
 file = {2a2fee0c-3b6e-45eb-8c43-9d2a8b1a8b8a:C\:\\Users\\Max\\AppData\\Local\\Swiss Academic Software\\Citavi 6\\ProjectCache\\adbunm13ktgc4mrncj8vb04czmhqdem0x78r8p\\Remote Attachments\\2a2fee0c-3b6e-45eb-8c43-9d2a8b1a8b8a.pdf:pdf;9f31cda3-9955-4592-96da-cfb9041e21b7:C\:\\Users\\Max\\AppData\\Local\\Swiss Academic Software\\Citavi 6\\ProjectCache\\adbunm13ktgc4mrncj8vb04czmhqdem0x78r8p\\Citavi Attachments\\9f31cda3-9955-4592-96da-cfb9041e21b7.pdf:pdf}
}


@book{Parke.2013,
 author = {Parke, Carol},
 year = {2013},
 title = {Essential first steps to data analysis: scenario-based examples using SPSS},
 address = {Thousand Oaks},
 publisher = {{SAGE Publications}},
 isbn = {9781412997515},
 doi = {10.4135/9781506335148},
 file = {22edcd16-b678-4d9c-bc8f-f0c8e788619a:C\:\\Users\\Max\\AppData\\Local\\Swiss Academic Software\\Citavi 6\\ProjectCache\\adbunm13ktgc4mrncj8vb04czmhqdem0x78r8p\\Citavi Attachments\\22edcd16-b678-4d9c-bc8f-f0c8e788619a.pdf:pdf}
}


@misc{NationalLibraryofMedicine.06.02.2020,
 author = {{National Library of Medicine}},
 year = {06.02.2020},
 title = {Medical Subject Headings},
 url = {https://www.nlm.nih.gov/mesh/meshhome.html},
 urldate = {02.11.2020}
}


@misc{Nagelschmidt.12.11.2020,
 author = {Nagelschmidt, Matthias},
 year = {12.11.2020},
 title = {Evaluation von Annif f{\"u}r die maschinelle Inhaltserschlie{\ss}ung an der Deutschen Nationalbibliothek},
 institutions = {{Deutsche Nationalbibliothek}},
 file = {459cab93-65f0-4b37-8924-cef7834509fd:C\:\\Users\\Max\\AppData\\Local\\Swiss Academic Software\\Citavi 6\\ProjectCache\\adbunm13ktgc4mrncj8vb04czmhqdem0x78r8p\\Citavi Attachments\\459cab93-65f0-4b37-8924-cef7834509fd.pdf:pdf}
}


@article{Louis.2013,
 author = {Louis, Annie and Nenkova, Ani},
 year = {2013},
 title = {Automatically Assessing Machine Summary Content Without a Gold Standard},
 pages = {267--300},
 volume = {39},
 number = {2},
 issn = {0891-2017},
 journal = {Computational Linguistics},
 doi = {10.1162/COLI{\textunderscore }a{\textunderscore }00123},
 file = {0b78e8be-c71a-4cd6-aacf-d81d7c0939f1:C\:\\Users\\Max\\AppData\\Local\\Swiss Academic Software\\Citavi 6\\ProjectCache\\adbunm13ktgc4mrncj8vb04czmhqdem0x78r8p\\Citavi Attachments\\0b78e8be-c71a-4cd6-aacf-d81d7c0939f1.pdf:pdf}
}


@article{Kasprzik.2014,
 abstract = {Das sprunghafte Anwachsen der Menge digital verf{\"u}gbarer Dokumente gepaart mit dem Zeit- und Personalmangel an wissenschaftlichen Bibliotheken legt den Einsatz von halb- oder vollautomatischen Verfahren f{\"u}r die verbale und klassifikatorische Inhaltserschlie{\ss}ung nahe. Nach einer kurzen allgemeinen Einf{\"u}hrung in die g{\"a}ngige Methodik beleuchtet dieser Artikel eine Reihe von Projekten zur automatisierten Klassifizierung aus dem Zeitraum 2007-2012 und aus dem deutschsprachigen Raum. Ein Gro{\ss}teil der vorgestellten Projekte verwendet Methoden des Maschinellen Lernens aus der K{\"u}nstlichen Intelligenz, arbeitet meist mit angepassten Versionen einer kommerziellen Software und bezieht sich in der Regel auf die Dewey Decimal Classification (DDC). Als Datengrundlage dienen Metadatens{\"a}tze, Abstracs, Inhaltsverzeichnisse und Volltexte in diversen Datenformaten. Die abschlie{\ss}ende Analyse enth{\"a}lt eine Anordnung der Projekte nach einer Reihe von verschiedenen Kriterien und eine Zusammenfassung der aktuellen Lage und der gr{\"o}{\ss}ten Herausfordungen f{\"u}r automatisierte Klassifizierungsverfahren.

Perspektive Bibliothek, Bd. 3, Nr. 1 (2014), Beginn und Erscheinungsfrequenz: Nummer: 1, Jahr: 2012, B{\"a}nde pro Jahr: 1},
 author = {Kasprzik, Anna},
 year = {2014},
 title = {Automatisierte und semiautomatisierte Klassifizierung - eine Analyse aktueller Projekte},
 url = {https://journals.ub.uni-heidelberg.de/index.php/bibliothek/article/view/14022},
 pages = {85--110},
 volume = {3},
 number = {1},
 issn = {2194-8992},
 journal = {Perspektive Bibliothek},
 doi = {10.11588/pb.2014.1.14022},
 file = {1ab85baf-75d5-470a-bd65-01e1facec10e:C\:\\Users\\Max\\AppData\\Local\\Swiss Academic Software\\Citavi 6\\ProjectCache\\adbunm13ktgc4mrncj8vb04czmhqdem0x78r8p\\Citavi Attachments\\1ab85baf-75d5-470a-bd65-01e1facec10e.pdf:pdf}
}


@article{Hinrichs.2016,
 abstract = {Wir beschreiben den Digitalen Assistenten DA-2, den wir zur Unterst{\"u}tzung der Sacherschliessung im IBS-Verbund implementiert haben. Diese webbasierte Anwendung ist eine vollst{\"a}ndige Neuimplementierung, welche die Erkenntnisse des Vorg{\"a}ngersystems bei der Zentralbibliothek Z{\"u}rich ber{\"u}cksichtigt. Wir stellen {\"U}berlegungen zur Zukunft der Sacherschliessung an und geben eine {\"U}bersicht {\"u}ber Projekte mit {\"a}hnlichen Zielsetzungen, die Sacherschlie{\ss}ung mit Computerunterst{\"u}tzung effizienter und besser zu gestalten.



We describe the digital assistant DA-2 which we have implemented to support the subject indexing process in the IBS-Verbund. This web-based service is a new implementation from scratch based on the lessons learned with its predecessor used by the Zentralbibliothek Z{\"u}rich. We also discuss the future of intellectual subject indexing and we give an overview on related projects also aiming at digitizing and economizing this challenging process.},
 author = {Hinrichs, Imma and Milmeister, G{\'e}rard and Sch{\"a}uble, Peter and Steenweg, Helge},
 year = {2016},
 title = {Computerunterst{\"u}tzte Sacherschlie{\ss}ung mit dem Digitalen Assistenten (DA-2)},
 url = {https://www.o-bib.de/article/view/2016H4S156-185},
 pages = {156--185},
 volume = {3},
 number = {4},
 journal = {1 (o-bib. Das offene Bibliotheksjournal)},
 doi = {10.5282/o-bib/2016H4S156-185},
 file = {b8656e66-147c-4c4c-a458-b078c7b246f1:C\:\\Users\\Max\\AppData\\Local\\Swiss Academic Software\\Citavi 6\\ProjectCache\\adbunm13ktgc4mrncj8vb04czmhqdem0x78r8p\\Citavi Attachments\\b8656e66-147c-4c4c-a458-b078c7b246f1.pdf:pdf}
}


@inproceedings{Hindermann.2020,
 author = {Hindermann, Maximilian and Ledl, Andreas},
 title = {BARTOC FAST: A Federated Asynchronous Search Tool for Remote Vocabulary Access},
 publisher = {Nomos},
 series = {Advances in Knowledge Organization},
 booktitle = {Proceedings of the Sixteenth International ISKO Conference},
 year = {2020},
 address = {Baden-Baden}
}


@book{Gro.2010,
 abstract = {Die Bewertung der Indexierungsqualit{\"a}t bzw. --g{\"u}te ist ein grundlegendes Problem von manuellen und automatischen Indexierungsverfahren. Letztere werden aber gerade im digitalen Zeitalter als einzige M{\"o}glichkeit angesehen, den zunehmenden Schwierigkeiten bibliothekarischer Informationsstrukturierung gerecht zu werden. Diese Arbeit befasst sich mit der Funktionsweise, Implementierung und Evaluierung der Sacherschlie{\ss}ungssoftware MindServer Categorizer, der Firma Recommind, an der Deutschen Zentralbibliothek f{\"u}r Wirtschaftswissenschaften (ZBW). Grundlage der maschinellen Sacherschlie{\ss}ung und anschlie{\ss}enden quantitativen und qualitativen Auswertung bilden rund 39.000 wirtschaftswissenschaftliche Dokumente aus den Datenbanken Econis und EconStor. Unter Zuhilfenahme des rund 6.000 Deskriptoren umfassenden Standard-Thesaurus Wirtschaft (STW) wird der urspr{\"u}nglich rein statistische Indexierungsansatz des MindServer Categorizer zu einem begriffsorientierten Verfahren weiterentwickelt und zur Inhaltserschlie{\ss}ung digitaler Informationsressourcen eingesetzt. Der zentrale Fokus dieser Arbeit liegt vor allem auf der Evaluierung der maschinell beschlagworteten Titel, in Anlehnung und entsprechender Anpassung der von Stock (2008) und Lancaster (2003) hierzu vorgeschlagenen Kriterien: Indexierungskonsistenz, -tiefe, -breite, -spezifit{\"a}t, -effektivit{\"a}t. Zus{\"a}tzlich wird die Belegungsbilanz des STW evaluiert und es erfolgt ferner eine stichprobenartige, qualitative Bewertung der Ergebnisse seitens der zust{\"a}ndigen Fachreferenten und -referentinnen.},
 author = {Gro{\ss}, Thomas},
 year = {2010},
 title = {Automatische Indexierung von wirtschaftswissenschaftlichen Dokumenten: Implementierung und Evaluierung am Beispiel der Deutschen Zentralbibliothek f{\"u}r Wirtschaftswissenschaften},
 url = {https://edoc.hu-berlin.de/handle/18452/2679},
 volume = {284},
 publisher = {{Humboldt-Universit{\"a}t zu Berlin}},
 series = {Berliner Handreichungen zur Bibliotheks- und Informationswissenschaft},
 doi = {10.18452/2027},
 file = {e05251b9-fff6-42ff-8c0a-6a2a7896a687:C\:\\Users\\Max\\AppData\\Local\\Swiss Academic Software\\Citavi 6\\ProjectCache\\adbunm13ktgc4mrncj8vb04czmhqdem0x78r8p\\Citavi Attachments\\e05251b9-fff6-42ff-8c0a-6a2a7896a687.pdf:pdf}
}


@article{Golub.2016,
 author = {Golub, Koraljka and Soergel, Dagobert and Buchanan, George and Tudhope, Douglas and Lykke, Marianne and Hiom, Debra},
 year = {2016},
 title = {A framework for evaluating automatic indexing or classification in the context of retrieval},
 pages = {3--16},
 volume = {67},
 number = {1},
 issn = {23301635},
 journal = {Journal of the Association for Information Science and Technology},
 doi = {10.1002/asi.23600},
 file = {408e575f-9753-43d3-a7b2-f2bbde36b13a:C\:\\Users\\Max\\AppData\\Local\\Swiss Academic Software\\Citavi 6\\ProjectCache\\adbunm13ktgc4mrncj8vb04czmhqdem0x78r8p\\Citavi Attachments\\408e575f-9753-43d3-a7b2-f2bbde36b13a.pdf:pdf}
}


@book{Gantert.2016,
 author = {Gantert, Klaus},
 year = {2016},
 title = {Bibliothekarisches Grundwissen},
 address = {Berlin},
 edition = {9., vollst{\"a}ndig neu bearbeitete und erweiterte Auflage},
 publisher = {{De Gruyter Saur}},
 isbn = {9783110321500},
 doi = {10.1515/9783110321500},
 file = {85b5d965-b02a-4c5b-bdfa-5b1117ab2f6f:C\:\\Users\\Max\\AppData\\Local\\Swiss Academic Software\\Citavi 6\\ProjectCache\\adbunm13ktgc4mrncj8vb04czmhqdem0x78r8p\\Citavi Attachments\\85b5d965-b02a-4c5b-bdfa-5b1117ab2f6f.pdf:pdf}
}


@book{Fallert.2020,
 abstract = {In einer Zeit, in der vermehrt automatische Verfahren der Inhaltserschlie{\ss}ung eingesetzt und (weiter)entwickelt werden, leistet die vorliegende Studie einen Beitrag zur Diskussion um die Bedeutung der intellektuellen Sacherschlie{\ss}ung beim Information Retrieval in einem multilingualen Kontext. Am Fallbeispiel des Online-Katalogs des Ibero-Amerikanischen Instituts wird in einem Retrievaltest die Beteiligung der {\"u}berwiegend deutschsprachigen Schlagworte aus einem lokalen Thesaurus beim Auffinden von Dokumenten evaluiert. In der Studie werden 80 aus einem Logfile gewonnene Suchanfragen getestet, die in zwei gleich gro{\ss}e Purpose Samples unterteilt wurden: ein deutsch- und ein fremdsprachiges. Ein zentrales Ergebnis der Analyse ist, dass die Indexierung mit lokalen Schlagworten f{\"u}r einen erheblichen Anteil der zu den Suchanfragen aufgefundenen Dokumenten verantwortlich ist. Es lassen sich jedoch unter Ber{\"u}cksichtigung der Multilingualit{\"a}t der Suchanfragen deutliche Unterschiede mit Blick auf die Bedeutung der lokalen Schlagworte ausmachen. Auch das Verh{\"a}ltnis der intellektuellen Sacherschlie{\ss}ung zur automatischen Indexierung von Elementen der Kataloganreicherung (Inhaltsverzeichnisse, Volltexte o.{\"A}.) wird n{\"a}her beleuchtet und St{\"a}rken und Schw{\"a}chen der verschiedenen Erschlie{\ss}ungsformen werden diskutiert. Abschlie{\ss}end werden M{\"o}glichkeiten aufgezeigt, das Potential der lokalen Schlagworte insbesondere f{\"u}r fremdsprachige Suchanfragen st{\"a}rker einzusetzen, um die zeit- und damit kostenintensive intellektuelle Sacherschlie{\ss}ung sinnvoll nachzunutzen.},
 author = {Fallert, Sarah},
 year = {2020},
 title = {Multilinguale Herausforderungen in der Sacherschlie{\ss}ung: Ein Retrievaltest an einem mehrsprachigen Bibliotheksbestand},
 url = {https://edoc.hu-berlin.de/handle/18452/22048},
 volume = {449},
 publisher = {{Humboldt-Universit{\"a}t zu Berlin}},
 series = {Berliner Handreichungen zur Bibliotheks- und Informationswissenschaft},
 institution = {{Humboldt-Universit{\"a}t zu Berlin}},
 doi = {10.18452/21306},
 file = {c0d09c7a-8e8b-4c7c-a09a-ae6ed22b523b:C\:\\Users\\Max\\AppData\\Local\\Swiss Academic Software\\Citavi 6\\ProjectCache\\adbunm13ktgc4mrncj8vb04czmhqdem0x78r8p\\Citavi Attachments\\c0d09c7a-8e8b-4c7c-a09a-ae6ed22b523b.pdf:pdf}
}


@article{Toepfer.2016,
 abstract = {Automatische Indexierung auf Basis von Titeln und Autoren-Keywords -- ein Werkstattbericht},
 author = {Toepfer, Martin and Kempf, Andreas Oskar},
 year = {2016},
 title = {Automatische Indexierung auf Basis von Titeln und Autoren-Keywords -- ein Werkstattbericht},
 url = {https://0277.ch/ojs/index.php/cdrs_0277/article/view/156/354},
 pages = {84--97},
 volume = {4},
 number = {2},
 issn = {2296-0597},
 journal = {027.7 Zeitschrift f{\"u}r Bibliothekskultur / Journal for Library Culture},
 file = {2bc9dcc1-5a79-40dc-984c-511fb83b93f4:C\:\\Users\\Max\\AppData\\Local\\Swiss Academic Software\\Citavi 6\\ProjectCache\\adbunm13ktgc4mrncj8vb04czmhqdem0x78r8p\\Citavi Attachments\\2bc9dcc1-5a79-40dc-984c-511fb83b93f4.pdf:pdf}
}


@misc{UniversitatBasel.2021,
 author = {{Universit{\"a}t Basel}},
 title = {Research Database of the University of Basel User Manual},
 editor = {{Universit{\"a}t Basel}},
 file = {8abc1987-a937-431d-9093-6c992cdaee57:C\:\\Users\\Max\\AppData\\Local\\Swiss Academic Software\\Citavi 6\\ProjectCache\\adbunm13ktgc4mrncj8vb04czmhqdem0x78r8p\\Citavi Attachments\\8abc1987-a937-431d-9093-6c992cdaee57.pdf:pdf}
}


